<?xml version="1.0" encoding="UTF-8"?><collection xmlns="http://www.loc.gov/MARC21/slim"><record><leader>00650nam--2200205-i-4500</leader><controlfield tag="001">000024030</controlfield><controlfield tag="002">20161230</controlfield><controlfield tag="005">20161230201035</controlfield><controlfield tag="008">060222s1000------------r-----000-0-rus-d</controlfield><datafield ind1=" " ind2=" " tag="040"><subfield code="a">IFIN-HH</subfield></datafield><datafield ind1=" " ind2=" " tag="041"><subfield code="a">rus</subfield></datafield><datafield ind1=" " ind2=" " tag="080"><subfield code="a">538.913:539.125.04</subfield></datafield><datafield ind1="1" ind2=" " tag="100"><subfield code="a">Lovesey, S.W</subfield></datafield><datafield ind1="1" ind2="0" tag="245"><subfield code="a">Dinamiceskie svoistva tverdih tel i jidkostei. issledovania metodom rasseiania neitronov</subfield><subfield code="c">S.w. lovesey, t. springer (eds.)</subfield></datafield><datafield ind1=" " ind2=" " tag="260"><subfield code="a">Moskva</subfield><subfield code="b">Mir</subfield><subfield code="c">1980</subfield></datafield><datafield ind1=" " ind2=" " tag="300"><subfield code="a">487P</subfield></datafield><datafield ind1=" " ind2=" " tag="500"><subfield code="a">Titlul Original In Limba Engleza: Dynamics Of Solids And Liquids By Neutron Scattering</subfield></datafield><datafield ind1="1" ind2=" " tag="700"><subfield code="a">Springer, T</subfield><subfield code="e">Ed</subfield></datafield><datafield ind1=" " ind2=" " tag="852"><subfield code="a">49293</subfield><subfield code="c">53</subfield></datafield><datafield ind1=" " ind2=" " tag="CAT"><subfield code="a">Sys</subfield><subfield code="c">20150331</subfield><subfield code="h">132903</subfield></datafield></record></collection>